01,SENDR,RCVR,250601,0930,12345,80,2,2/
02,ACME,SENDR,1,250601,0930,USD,2/
03,123456789,USD,010,500000,,,015,500000,,/
16,175,25000,V,CUSTREF-1,BNKREF-A,Deposit from customer/
88,Additional description continued/
16,475,10000,V,CUSTREF-2,BNKREF-B,Wire to vendor/
49,535000,3/
98,535000,1,4/
99,535000,1,6/
