01,SENDR,RCVR,250601,0930,12345,80,2,2/
02,ACME,SENDR,1,250601,0930,USD,2/
03,123456789,USD,010,500000,,,015,500000,,/
16,175,25000,V,CUSTREF-1,BNKREF-A,Deposit from customer/
16,475,10000,V,CUSTREF-2,BNKREF-B,Wire to vendor/
16,108,50000,V,CUSTREF-3,,ACH credit/
49,565000,4/
98,565000,1,5/
99,565000,1,7/
