:20:REF20250601
:25:GB29NWBK60161331926819
:28C:00123/00001
:60F:C250601GBP1000,00
:61:250601D200,00NTRFCUST-A-1//
:86:Day 1 outgoing
:62F:C250601GBP800,00
:20:REF20250602
:25:GB29NWBK60161331926819
:28C:00124/00001
:60F:C250602GBP800,00
:61:250602C300,00NTRFCUST-B-1//
:86:Day 2 incoming
:61:250602D75,00NTRFCUST-B-2//
:86:Day 2 outgoing
:62F:C250602GBP1025,00
